
@Article{Aad:2008zzm,
     author    = "{ATLAS Collaboration}",
     title     = "{The ATLAS experiment at the CERN Large Hadron Collider}",
     journal   = "JINST",
     volume    = "3",
     year      = "2008",
     pages     = "S08003",
     doi       = "10.1088/1748-0221/3/08/S08003"
}

@book{Innerdesign,
    title   = "ATLAS Inner Detector: Technical Design Report",
    publisher   = "CERN",
    address = "Geneva",
    series  = "Technical Design Report ATLAS",
    year    = "1997",
}

@book{Lardesign,
    title       = "ATLAS liquid-argon calorimeter: Technical Design Report",
    publisher   = "CERN",
    address     = "Geneva",
    series      = "1996",
}

@book{LHCdesign,
    author  = {Br\"{u}ning, Oliver Sim and Collier, Paul and Lebrun, P and Myers, Stephen and Ostojic, Ranko and Poole, John and Proudlock, Paul},
    title   = "LHC Design Report",
    publisher   = "CERN",
    address = "Geneva",
    year    = "2004",
}

@Article{PDG2012,
     author    = "{Particle Data Group} and Beringer, J. and others",
     title     = "{Review of particle physics}",
     journal   = "Phys.~Rev.~D",
     volume    = "86",
     year      = "2012",
     pages     = "010001",
     doi       = "10.1103/PhysRevD.86.010001",
     SLACcitation  = "%%CITATION = JPHGB,G37,075021;%%"
}

@article{angular3,
      author         = "Choi, S.Y. and Muhlleitner, M.M. and Zerwas, P.M.",
      title          = "{Theoretical Basis of Higgs-Spin Analysis in $H \to
                        \gamma\gamma$ and $Z\gamma$ Decays}",
      year           = "2012",
      eprint         = "1209.5268",
      archivePrefix  = "arXiv",
      primaryClass   = "hep-ph",
      SLACcitation   = "%%CITATION = ARXIV:1209.5268;%%",
}

@article{LHCHiggsCrossSectionWorkingGroup:2011ti,
      author  = "{LHC Higgs Cross Section Working Group} and Dittmaier, S. and Mariotti, C. and Passarino, G. and Tanaka (Eds.), R.",
      title   = "{Handbook of LHC Higgs cross sections: 1. Inclusive observables}",
      journal = "CERN-2011-002",
      year    = "CERN, Geneva, 2011",
      eprint  = "1101.0593",
      archivePrefix = "arXiv",
      primaryClass  = "hep-ph",
      SLACcitation   = "%%CITATION = ARXIV:1101.0593;%%",
}

@article{LHCHiggsCrossSectionWorkingGroup:2012vm,
      author  = "{LHC Higgs Cross Section Working Group} and Dittmaier, S. and Mariotti, C. and Passarino, G. and Tanaka (Eds.), R.",
      title          = "{Handbook of LHC Higgs cross sections: 2. Differential distributions}",
      journal = "CERN-2012-002",
      year    = "CERN, Geneva, 2012",
      eprint         = "1201.3084",
      archivePrefix  = "arXiv",
      primaryClass   = "hep-ph",
      SLACcitation   = "%%CITATION = ARXIV:1201.3084;%%",
}

@Book{QuarksLeptons,
    author  = "Francis Halzen and Alan D. Martin",
    title   = "Quarks \& Leptons",
    publisher   = "John Wiley \& Sons",
    year    = "1984",
}

@Article{HiggsPic,
    author  = "Luis Alvarez-Gaume and John Ellis",
    title   = "Eyes on a prize particle",
    journal = "Nature Physics",
    volume  = "7",
    year    = "2011",
    pages   = "2-3",
    doi     = "10.1038/nphys1874",
}

@Article{ATLAS_Higgs,
    collaboration   = "ATLAS",
    title       = "Observation of a new particle in the search for the Standard Model Higgs boson with the ATLAS detector at the LHC",
    journal     = "Phys.~Lett.~B",
    volume      = "716",
    year        = "2012",
    pages       = "1",
    eprint         = "1207.7214",
    archivePrefix  = "arXiv",
    doi = "10.1016/j.physletb.2012.08.020",
    primaryClass   = "hep-ex",
}

@Article{CMS_Higgs,
    collaboration   = "CMS",
    title   = "Observation of a new boson at a mass of 125 GeV with the CMS experiment at the LHC",
    journal = "Phys.~Lett.~B",
    volume  = "716",
    year    = "2012",
    pages   = "30",
    eprint         = "1207.7235",
    archivePrefix  = "arXiv",
    doi = "10.1016/j.physletb.2012.08.021",
    primaryClass   = "hep-ex",
}

@Article{ATLAS_Higgs_Dec12,
    collaboration   = "ATLAS",
    title   = "An update of the combined measurements of the new Higgs-like boson with high mass resolution channels",
    journal = "ATLAS-CONF-2012-170",
    year    = "2012",
    url     = "http://cds.cern.ch/record/1499629"
}

@Article{Zg_newPhy_1,
    title   = " ",
    author  = "C.-W. Chiang",
    authors  = "C.-W. Chiang and K. Yagyu",
    year    = "2012",
    eprint  = "1207.1065"
}

@Article{Zg_newPhy_2,
    title   = " ",
    author  = "C.-S. Chen",
    authors  = "C.-S. Chen, C.-Q. Geng, D. Huang, and L.-H. Tsai",
    year    = "2013",
    eprint  = "1301.4694"
}

@Article{Zg_newPhy_3,
    title   = " ",
    author  = "J. Cao",
    authors  = "J. Cao, L. Wu, P. Wu, and J. M. Yang",
    year    = "2013",
    eprint  = "1301.4641"
}


